               
 @article{lim22:_autom_defeas_reason_law,
  author    = {How Khang Lim and
               Avishkar Mahajan and
               Martin Strecker and
               Meng Weng Wong},
  title     = {Automating Defeasible Reasoning in Law},
  journal   = {CoRR},
  volume    = {abs/2205.07335},
  year      = 2022,
  url       = {https://doi.org/10.48550/arXiv.2205.07335},
  doi       = {10.48550/arXiv.2205.07335},
  eprinttype = {arXiv},
  eprint    = {2205.07335},
  timestamp = {Tue, 17 May 2022 17:31:03 +0200},
  biburl    = {https://dblp.org/rec/journals/corr/abs-2205-07335.bib},
  bibsource = {dblp computer science bibliography, https://dblp.org}
}

@InProceedings{mahajan22:_overv_cclaw_l4,
  author =       {Avishkar Mahajan and Martin Strecker and Meng Weng Wong},
  title =        {Overview of the {CCLAW L4} project},
  booktitle = {Programming Languages and the Law},
  year =      2022,
  pages =    {1 -- 3},
  url =      {https://martin-strecker.org/Publications/prolala2022.html}
}

%%% Local Variables: 
%%% coding: utf-8-unix
%%% End: 
