@article{larsen1997uppaal,
	author = {Kim G Larsen and Paul Pettersson and Wang Yi},
	journal = {International journal on software tools for technology transfer},
	number = {1},
	pages = {134â€“152},
	publisher = {Springer-Verlag},
	title = {UPPAAL in a nutshell},
	url = {http://user.it.uu.se/~yi/pdf-files/2017/nutshell.pdf},
	volume = {1},
	year = {1997}
}

@article{leith2016riseandfall,
	author = {Philip Leith},
	title = {The rise and fall of the legal expert system},
	journal = {International Review of Law, Computers \& Technology},
	volume = {30},
	number = {3},
	pages = {94-106},
	year  = {2016},
	publisher = {Routledge},
	doi = {10.1080/13600869.2016.1232465},
	URL = {https://doi.org/10.1080/13600869.2016.1232465},
	eprint = {https://doi.org/10.1080/13600869.2016.1232465}
}


