@InProceedings{mahajan22:_overv_cclaw_l4,
  author =       {Avishkar Mahajan and Martin Strecker and Meng Weng Wong},
  title =        {Overview of the {CCLAW L4} project},
  booktitle = {Programming Languages and the Law},
  year =      2022,
  pages =    {1 -- 3},
  url =      {https://martin-strecker.org/Publications/prolala2022.html}
}
