@inproceedings{listenmaa-etal-2021-towards,
    title = "Towards {CNL}-based verbalization of computational contracts",
    author = {Listenmaa, Inari  and
      Hanafiah, Maryam  and
      Cheong, Regina  and
      K{\"a}llberg, Andreas},
    booktitle = "Proceedings of CNL2021/21",
    month = sep,
    year = "2021",
    address = "Amsterdam, Netherlands",
}
%    booktitle = "Proceedings of the Seventh International Workshop on Controlled Natural Language",
%     publisher = "Special Interest Group on Controlled Natural Language",
%    url = "https://aclanthology.org/2021.cnl-1.10",


@article{listenmaa2021nlg,
  title={An {NLG} pipeline for a legal expert system: a work in progress},
  author={Listenmaa, Inari and Morris, Jason and Ang, Alfred and Hanafiah, Maryam and Cheong, Regina},
  journal={arXiv preprint arXiv:2107.02421},
  year={2021}
}

@mastersthesis{macmillan2021,
    author = {Macmillan, Warrick},
    institution = {University of Gothenburg},
    school = {University of Gothenburg},
    pages = "90",
    title = {{On the Grammar of Proof}},
    year = {2021}
}

@incollection{kamp2011discourse,
  title={Discourse representation theory},
  author={Kamp, Hans and Van Genabith, Josef and Reyle, Uwe},
  booktitle={Handbook of philosophical logic},
  pages={125--394},
  year={2011},
  publisher={Springer}
}

@book{vanEijck2010computationalSemantics,
  title={Computational semantics with functional programming},
  author={{van} Eijck, Jan and Unger, Christina},
  year={2010},
  sortname={Eijck},
  publisher={Cambridge University Press}
}

@inproceedings{schaefer_kohlhase_glif_2020,
  title={{GLIF}: A Declarative Framework for Symbolic Natural Language Understanding},
  author={Schaefer, Jan Frederik and Kohlhase, Michael},
  booktitle={FCR@ KI},
  pages={4--11},
  year={2020}
}

@inproceedings{demoura_bjorner_z3_2008,
    author = {De Moura, Leonardo and Bj\o{}rner, Nikolaj},
    title = {Z3: An Efficient {SMT} Solver},
    year = 2008,
    isbn = 3540787992,
    publisher = {Springer-Verlag},
    address = {Berlin, Heidelberg},
    abstract = {Satisfiability Modulo Theories (SMT) problem is a decision problem for logical first
    order formulas with respect to combinations of background theories such as: arithmetic,
    bit-vectors, arrays, and uninterpreted functions. Z3 is a new and efficient SMT Solver
    freely available from Microsoft Research. It is used in various software verification
    and analysis applications.},
    booktitle = {Proceedings of {TACAS'08/ETAPS'08}},
    pages = {337â€“340},
    numpages = 4,
    location = {Budapest, Hungary},
    }
%    booktitle = {Proceedings of the Theory and Practice of Software, 14th International Conference on Tools and Algorithms for the Construction and Analysis of Systems},
%    series = {TACAS'08/ETAPS'08}


@article{larsen1997uppaal,
  title={UPPAAL in a nutshell},
  author={Larsen, Kim G and Pettersson, Paul and Yi, Wang},
  journal={International journal on software tools for technology transfer},
  volume={1},
  number={1},
  pages={134--152},
  year={1997},
  publisher={Springer-Verlag}
}
